@book{Stein2003,
	Author = {Elias M. Stein and Rami Shakarchi},
	Publisher = {Princeton University Press},
	Series = {Princeton Lectures in Analysis},
	Title = {Complex Analysis},
	Year = {2003}}

@book{Axler2015,
	Author = {Sheldon Axler},
	Edition = {3},
	Publisher = {Springer International Publishing},
	Series = {Undergraduate Texts in Mathematics},
	Title = {Linear Algebra Done Right},
	Year = {2015}}

@book{doCarmo2017,
	Author = {Manfredo P. do Carmo},
	Edition = {2},
	Publisher = {Dover Publications},
	Title = {Differential Geometry of Curves and Surfaces},
	Year = {2017}}

@book{Klingenberg1978,
   title =     {A Course in Differential Geometry},
   author =    {Wilhelm Klingenberg},
   publisher = {Springer-Verlag New York},
   year =      {1978},
   series =    {Graduate Texts in Mathematics 51}}